<record><leader>00000cas a22000007a 4500</leader><controlfield tag="001">31432954</controlfield><controlfield tag="008">941109d19021906okuwr n       0    0eng d</controlfield><datafield ind1=" " ind2=" " tag="010"><subfield code="a">sn 94061276 </subfield></datafield><datafield ind1=" " ind2=" " tag="040"><subfield code="a">OBN</subfield><subfield code="b">eng</subfield><subfield code="c">OBN</subfield><subfield code="d">OCL</subfield><subfield code="d">OCLCQ</subfield><subfield code="d">OCLCF</subfield><subfield code="d">OCLCO</subfield></datafield><datafield ind1="1" ind2=" " tag="029"><subfield code="a">AU@</subfield><subfield code="b">000011358226</subfield></datafield><datafield ind1=" " ind2=" " tag="042"><subfield code="a">msc</subfield></datafield><datafield ind1=" " ind2=" " tag="043"><subfield code="a">n-us-ok</subfield></datafield><datafield ind1="0" ind2="4" tag="245"><subfield code="a">The Cleo journal.</subfield></datafield><datafield ind1=" " ind2=" " tag="260"><subfield code="a">Cleo, Okla. :</subfield><subfield code="b">Arthur R. Rice</subfield></datafield><datafield ind1=" " ind2=" " tag="300"><subfield code="a">v.</subfield></datafield><datafield ind1=" " ind2=" " tag="310"><subfield code="a">Weekly</subfield></datafield><datafield ind1="0" ind2=" " tag="362"><subfield code="a">-v.5, no. 21 (Aug. 16, 1906).</subfield></datafield><datafield ind1="1" ind2=" " tag="362"><subfield code="a">Began in 1902.</subfield></datafield><datafield ind1=" " ind2=" " tag="588"><subfield code="a">Description based on: Vol. 3, no. 9 (June 2, 1904).</subfield></datafield><datafield ind1=" " ind2="0" tag="651"><subfield code="a">Cleo Springs (Okla.)</subfield><subfield code="v">Newspapers.</subfield></datafield><datafield ind1=" " ind2="0" tag="651"><subfield code="a">Major County (Okla.)</subfield><subfield code="v">Newspapers.</subfield></datafield><datafield ind1=" " ind2="7" tag="655"><subfield code="a">Newspapers.</subfield><subfield code="2">fast</subfield><subfield code="0">(OCoLC)fst01423814</subfield></datafield><datafield ind1=" " ind2="7" tag="651"><subfield code="a">Oklahoma</subfield><subfield code="z">Cleo Springs.</subfield><subfield code="2">fast</subfield><subfield code="0">(OCoLC)fst01876075</subfield></datafield><datafield ind1=" " ind2="7" tag="651"><subfield code="a">Oklahoma</subfield><subfield code="z">Major County.</subfield><subfield code="2">fast</subfield><subfield code="0">(OCoLC)fst01218460</subfield></datafield><datafield ind1=" " ind2=" " tag="752"><subfield code="a">United States</subfield><subfield code="b">Oklahoma</subfield><subfield code="c">Major</subfield><subfield code="d">Cleo Springs.</subfield></datafield><datafield ind1="0" ind2="0" tag="785"><subfield code="t">Cleo Springs journal</subfield><subfield code="w">(DLC)sn 94061277</subfield><subfield code="w">(OCoLC)31432998</subfield></datafield></record>